@book{Beckert.2012,
	usera = {Mobile Lösungen},
	keyword = {primary},
	author = {Beckert, André and Beckert, Sebastian and Escherich, Bernhard},
	year = {2012},
	title = {Mobile L{\"o}sungen mit SAP},
	location = {Bonn},
	edition = {1},
	publisher = {Galileo Press},
	isbn = {978-3836219310}
}

@book{Beckert.2012.1,
	usera = {Mobile Lösungen},
	keyword = {primary},
	author = {Beckert, André and Beckert, Sebastian and Escherich, Bernhard},
	year = {2012},
	title = {Mobile L{\"o}sungen mit SAP},
	location = {Bonn},
	edition = {1},
	publisher = {Galileo Press},
	isbn = {978-3836219310}
}

@book{Beckert.2012.2,
	usera = {Mobile Lösungen2},
	keyword = {primary},
	author = {Beckert, André and Beckert, Sebastian and Escherich, Bernhard},
	year = {2012},
	title = {Mobile L{\"o}sungen mit SAP},
	location = {Bonn},
	edition = {1},
	publisher = {Galileo Press},
	isbn = {978-3836219310}
}

@book{Tanenbaum.2003,
	usera = {Computernetzwerke},
	keyword = {primary},
	author = {Tanenbaum, Andrew},
	year = {2003},
	title = {Computernetzwerke},
	location = {M{\"u}nchen},
	edition = {4},
	publisher = {Pearson Studium},
	isbn = {978-3827370464}
}

@book{Balzert.2008,
	usera = {Wissenschaftliches Arbeiten},
	keyword = {primary},
	author = {Balzert, Helmut and Bendisch, Roman and Kern, Uwe and others},
	year = {2008},
	title = {Wissenschaftliches Arbeiten: Wissenschaft, Quellen, Artefakte, Organisation, Pr{\"a}sentation},
	location = {Herdecke [u.a.]},
	publisher = {W3L-Verl.},
	isbn = {978-3937137599},
	series = {Soft skills}
}

% Werk mit mehr als drei hinterlegten Autoren, um das Verhalten von Biblatex zu demonstrieren
@book{Balzert2.2008,
	usera = {XYZWissenschaftliches Arbeiten},
	keyword = {primary},
	author = {Balzert2, Helmut and Bendisch, Roman and Kern, Uwe and Sch{\"a}fer, Christian and Schr{\"o}der, Marion and Zeppenfeld, Klaus},
	year = {2008},
	title = {Wissenschaftliches Arbeiten: Wissenschaft, Quellen, Artefakte, Organisation, Pr{\"a}sentation},
	location = {Herdecke [u.a.]},
	publisher = {W3L-Verl.},
	isbn = {978-3937137599},
	series = {Soft skills}
}

{website:angular:aboutAngular,
	usera = {AngularJS},
	title = "AngularJS - Was ist Angular?",
	author = "Sascha Brink",
	url = {https://angularjs.de/buch/was-ist-angularjs},
	%Daten für den alten Stil
	%year = "2014",
	%note = "05.04.2015, 19:25",
	%Daten für neuen 2018er Stil
	date = {2018-12-20},
	urltime = {23:30},
	urldate = {2019-01-02}
}

@article{Decker2009,
	usera = {Koalitionsaussagen},
	year = {2009},
	volume = {40},
	issue = {2},
	pages = {431--453},
	author = {Decker, Frank},
	title = {Koalitionsaussagen der Parteien vor Wahlen. Eine Forschungsskizze im Kontext des deutschen Regierungssystems},
	journal = {Zeitschrift für Parlamentsfragen}
}

@online{RCoreManual,
	usera = {R Core},
	title = {R: A Language and Environment for Statistical Computing},
	author = {{ R Core Team }},
	organization = {R Foundation for Statistical Computing},
	location = {Vienna, Austria},
	date = {2018-12-20},
	urldate = {2019-01-02},
	urltime = {23:30},
	url = {https://cran.r-project.org/doc/manuals/r-release/fullrefman.pdf},
}

@incollection{becker2016data,
	author = {Becker, Wolfgang and Ulrich, Patrick and Botzkowski, Tim},
	booktitle = {Data Analytics im Mittelstand},
	edition = {1},
	location = {Wiesbaden},
	publisher = {Springer},
	usera = {Data Analytics},
	editor = {Becker, Wolfgang and Ulrich, Patrick},
	title = {Management und Controlling im Mittelstand},
	date = {2016},
}

@online{FOM,
    usera = {Onlinecampus},
    author = {{Hochschule für Oekonomie \& Management}},
    title = {{Onlinecampus}},
    url = {https://www.campus.bildungscentrum.de},
    urldate = {2018-11-01},
    year = {2018}
}

@book{Wolff2017,
    address = {Boston, Columbus, Indianapolis, New York},
    author = {Wolff, Eberhard},
    usera = {Microservices},
    publisher = {Pearson Education},
    title = {{Microservices}},
    year = {2017}
}

% sortkey: damit nach "Lucke" und nicht nach "von Lucke" sortiert wird
@incollection{Lucke2018,
    editor = {Heuermann, Roland and Tomenendal, Matthias and Bressem, Christian},
    author = {{von} Lucke, Jörn and Heuermann, Roland and Poder, Helmut and others},
    sortkey= {Lucke, Jörn von},
    usera = {Treiber},
    publisher = {Springer Gabler},
    location = {Berlin},
    pages = {153-213},
    series = {{Digitalisierung in Bund, Ländern und Gemeinden}},
    title = {Treiber, Ratgeber, Meinungsmacher},
    year = {2018}
}

@article{Wiederhofer2017,
    author = {Wiederhofer, André},
    usera = {IT-Flexibilität},
    pages = {236-244},
    journal = {{Informatik-Spektrum}},
    title = {Steigerung der IT-Flexibilität},
    volume = {40},
    number = {3},
    year = {2017}
}

% Quelle ohne eigene Jahresangabe --> o. J. bzw. keine Datumsangabe
@online{Belastingdienst,
    usera = {{Bürgerservicenummer}},
    author = {{Belastingdienst}},
    title = {{Was ist eine Bürgerservicenummer (BSN)?}},
    url = {https://www.belastingdienst.nl/wps/wcm/connect/bldcontentde/belastingdienst/privatpersonen/sonstige_themen/buergerservicenummer/was_ist_eine_buergerservicenummer_bsn},
    urldate = {2019-02-26},
}

@Article{Peng_2021,
  author       = {Baogan Peng and Liang Yang and Yongchao Li and Tanghua Liu and Yanqing Liu},
  date         = {2021-01},
  journaltitle = {Pain and Therapy},
  title        = {Cervical Proprioception Impairment in Neck Pain-Pathophysiology, Clinical Evaluation, and Management: A Narrative Review},
  doi          = {10.1007/s40122-020-00230-z},
  number       = {1},
  pages        = {143--164},
  volume       = {10},
  owner        = {luisp},
  publisher    = {Springer Science and Business Media {LLC}},
}

@Article{Lane2019b,
  author  = {Lane, Kin},
  date    = {2019-10-10},
  title   = {Intro to APIs: History of APIs},
  url     = {https://blog.postman.com/intro-to-apis-history-of-apis/},
  urldate = {2022-01-13},
  groups  = {2.4 API},
}

@Article{Lane2019,
  author  = {Lane, Kin},
  title   = {Intro to APIs: Where Do You Get Started with APIs?},
  date    = {2019-10-04},
  groups  = {2.4 API},
  url     = {https://blog.postman.com/intro-to-apis-where-do-you-get-started-with-apis/},
  urldate = {2022-01-13},
}

@Article{Lane2019a,
  author  = {Lane, Kin},
  title   = {Intro to APIs: What Is an API?},
  date    = {2019-10-05},
  groups  = {2.4 API},
  url     = {https://blog.postman.com/intro-to-apis-what-is-an-api/},
  urldate = {2022-01-13},
}

@Article{,
  author  = {McLaughlin, Stefano},
  date    = {1996-12-20},
  title   = {What You Should Know About Standards, APIs, Interfaces and Bindings},
  url     = {https://washingtonindependent.com/what-you-should-know-about-standards-apis-interfaces-and-bindings/},
  urldate = {2022-01-13},
  groups  = {2.4 API},
}

@PhdThesis{,
  author      = {Roy Thomas Fielding},
  date        = {2000},
  institution = {UNIVERSITY OF CALIFORNIA, IRVINE},
  title       = {Architectural Styles and the Design of Network-based Software Architectures},
  url         = {https://www.ics.uci.edu/~fielding/pubs/dissertation/top.htm},
  file        = {:- Architectural Styles and the Design of Network Based Software Architectures.pdf:PDF},
  groups      = {2.4 API},
}

@Book{jin2018designing,
  author    = {Jin, B. and Sahni, S. and Shevat, A.},
  title     = {Designing Web APIs: Building APIs That Developers Love},
  isbn      = {9781492026877},
  publisher = {O'Reilly Media},
  url       = {https://books.google.de/books?id=Dg1rDwAAQBAJ},
  groups    = {2.4 API},
  year      = {2018},
}

@WWW{,
  title  = {Wikipedia: Web API},
  url    = {https://en.wikipedia.org/wiki/Web_API},
  groups = {2.4 API},
}

@WWW{,
  title   = {Wikipedia: API},
  url     = {https://en.wikipedia.org/wiki/API},
  urldate = {2022-01-13},
  groups  = {2.4 API},
}

@WWW{,
  title   = {Introducing JSON},
  url     = {https://www.json.org/json-en.html},
  urldate = {2022-01-13},
  groups  = {2.4 API},
}

@Article{Jeliazkova_2011,
  author       = {Nina Jeliazkova and Vedrin Jeliazkov},
  date         = {2011-05},
  journaltitle = {Journal of Cheminformatics},
  title        = {{AMBIT} {RESTful} web services: an implementation of the {OpenTox} application programming interface},
  doi          = {https://doi.org/10.1186/1758-2946-3-18},
  number       = {1},
  volume       = {3},
  file         = {:Jeliazkova_2011 - AMBIT RESTful Web Services_ an Implementation of the OpenTox Application Programming Interface.pdf:PDF},
  groups       = {2.4 API},
  publisher    = {Springer Science and Business Media {LLC}},
}

@Article{Ong2015,
  author       = {Shyue Ping Ong and Shreyas Cholia and Anubhav Jain and Miriam Brafman and Dan Gunter and Gerbrand Ceder and Kristin A. Persson},
  date         = {2015-02},
  journaltitle = {Computational Materials Science},
  title        = {The Materials Application Programming Interface ({API}): A simple, flexible and efficient {API} for materials data based on {REpresentational} State Transfer ({REST}) principles},
  doi          = {10.1016/j.commatsci.2014.10.037},
  pages        = {209--215},
  volume       = {97},
  file         = {:Ong2015 - The Materials Application Programming Interface (API)_ a Simple, Flexible and Efficient API for Materials Data Based on REpresentational State Transfer (REST) Principles.pdf:PDF},
  groups       = {2.4 API},
  publisher    = {Elsevier {BV}},
}

@Book{richardson2008restful,
  author    = {Richardson, L. and Ruby, S.},
  title     = {RESTful Web Services},
  isbn      = {9780596554606},
  publisher = {O'Reilly Media},
  url       = {https://books.google.de/books?id=XUaErakHsoAC},
  groups    = {2.4 API},
  year      = {2008},
}

@Book{220605120190101,
  author    = {Luis, Weir},
  title     = {Enterprise API Management : Design and Deliver Valuable Business APIs.},
  isbn      = {9781787284432},
  publisher = {Packt Publishing},
  series    = {Expert Insight},
  url       = {https://search.ebscohost.com/login.aspx?direct=true&db=e020mww&AN=2206051&lang=de&site=eds-live&scope=site},
  abstract  = {A strategy and implementation guide for building, deploying, and managing APIsKey FeaturesComprehensive, end-to-end guide to business-driven enterprise APIsDistills years of experience with API and microservice strategiesProvides detailed guidance on implementing API-led architectures in any businessBook DescriptionAPIs are the cornerstone of modern, agile enterprise systems. They enable access to enterprise services from a wide variety of devices, act as a platform for innovation, and open completely new revenue streams.Enterprise API Management shows how to define the right architecture, implement the right patterns, and define the right organization model for business-driven APIs.Drawing on his experience of developing API and microservice strategies for some of the world's largest companies, Luis Weir explains how APIs deliver value across an enterprise. The book explores the architectural decisions, implementation patterns, and management practices for successful enterprise APIs},
  file      = {:LuisWeir_2019_EnterpriseAPIManagementDesignandDeliverV.pdf:PDF},
  groups    = {2.4 API},
  year      = {2019},
}

@Article{Lamothe2022,
  author       = {Maxime Lamothe and Yann-Gaël Gu{\'{e}}h{\'{e}}neuc and Weiyi Shang},
  date         = {2022-11},
  journaltitle = {{ACM} Computing Surveys},
  title        = {A Systematic Review of {API} Evolution Literature},
  doi          = {10.1145/3470133},
  number       = {8},
  pages        = {1--36},
  volume       = {54},
  file         = {:Lamothe2022 - A Systematic Review of API Evolution Literature.pdf:PDF},
  groups       = {2.4 API},
  publisher    = {Association for Computing Machinery ({ACM})},
}

@Comment{jabref-meta: databaseType:biblatex;}

@Comment{jabref-meta: fileDirectoryLatex-luisp-endeavouros-vm:\\home\\luisp\\dev\\spotify-genre-prediction\\paper;}

@Comment{jabref-meta: grouping:
0 AllEntriesGroup:;
1 StaticGroup:2.4 API\;0\;1\;0x8a8a8aff\;\;\;;
}
